
@book{sholl,
    author    = {David S. Sholl and Janice A. Steckel},
    publisher = {John Wiley \& Sons, Ltd},
    title     = {Density Functional Theory: A Practical Introduction},
    title = {What is Density Functional Theory?},
    booktitle = {Density Functional Theory},
    chapter = {1},
    pages = {1-33},
    year      = {2009},
    address   = {Hoboken, NJ},
    isbn = {9780470447710},
    eprint = {https://onlinelibrary.wiley.com/doi/pdf/10.1002/9780470447710.ch1},
    doi = {https://doi.org/10.1002/9780470447710.ch1},
    url = {https://onlinelibrary.wiley.com/doi/abs/10.1002/9780470447710.ch1},
    kjkeywords = {using density functional theory (DFT) calculations in practical context, density functional theory—from wave functions to electron density, exchange–correlation functional},
    abstract = {Summary This chapter contains sections titled: How to Approach This Book Examples of DFT in Action The Schrödinger Equation Density Functional Theory—From Wave Functions to Electron Density Exchange–Correlation Functional The Quantum Chemistry Tourist What Can DFT Not Do? Density Functional Theory in Other Fields How to Approach This Book (Revisited) References Further Reading}
}

@article{schrodinger1,
    author = {Schrödinger, E.},
    title = {Quantisierung als Eigenwertproblem},
    journal = {Annalen der Physik},
    volume = {384},
    number = {4},
    pages = {361-376},
    doi = {https://doi.org/10.1002/andp.19263840602},
    url = {https://onlinelibrary.wiley.com/doi/abs/10.1002/andp.19263840602},
    eprint = {https://onlinelibrary.wiley.com/doi/pdf/10.1002/andp.19263840602},
    year = {1926}
}

@article{schrodinger2,
  title = {An Undulatory Theory of the Mechanics of Atoms and Molecules},
  author = {Schr\"odinger, E.},
  journal = {Phys. Rev.},
  volume = {28},
  issue = {6},
  pages = {1049--1070},
  numpages = {0},
  year = {1926},
  month = {Dec},
  publisher = {American Physical Society},
  doi = {10.1103/PhysRev.28.1049},
  url = {https://link.aps.org/doi/10.1103/PhysRev.28.1049}
}

@article{eddington,
 ISSN = {00255572},
 URL = {http://www.jstor.org/stable/3609461},
 author = {Edmund Whittaker},
 journal = {The Mathematical Gazette},
 number = {286},
 pages = {137--144},
 publisher = {Mathematical Association},
 title = {Eddington's Theory of the Constants of Nature},
 urldate = {2025-10-12},
 volume = {29},
 year = {1945}
}

@article{born-oppenheimer,
    author = {Born, M. and Oppenheimer, R.},
    title = {Zur Quantentheorie der Molekeln},
    journal = {Annalen der Physik},
    volume = {389},
    number = {20},
    pages = {457-484},
    doi = {https://doi.org/10.1002/andp.19273892002},
    url = {https://onlinelibrary.wiley.com/doi/abs/10.1002/andp.19273892002},
    eprint = {https://onlinelibrary.wiley.com/doi/pdf/10.1002/andp.19273892002},
    year = {1927}
}

@article{huggett,
    author = {Huggett, Nick and Ladyman, James and Th'{e}bault, Karim P. Y.},
    title = {On the Quantum Theory of Molecules: Rigour, Idealization, and Uncertainty},
    journal = {arXiv preprint arXiv:2411.01942},
    year = {2024},
    month = {November},
    eprint = {2411.01942},
    archivePrefix = {arXiv},
    primaryClass = {physics.hist-ph},
    url = {https://arxiv.org/abs/2411.01942},
    note = {Accessed via HTML version at https://arxiv.org/html/2411.01942v1}
}

@article{hartree, 
    title={The Wave Mechanics of an Atom with a Non-Coulomb Central Field. Part I. Theory and Methods}, 
    volume={24}, 
    DOI={10.1017/S0305004100011919}, 
    number={1}, 
    journal={Mathematical Proceedings of the Cambridge Philosophical Society}, 
    author={Hartree, D. R.}, 
    year={1928}, 
    pages={89–110}
}

@article{hohenberg_kohn,
  title = {Inhomogeneous Electron Gas},
  author = {Hohenberg, P. and Kohn, W.},
  journal = {Phys. Rev.},
  volume = {136},
  issue = {3B},
  pages = {B864--B871},
  numpages = {0},
  year = {1964},
  month = {Nov},
  publisher = {American Physical Society},
  doi = {10.1103/PhysRev.136.B864},
  url = {https://link.aps.org/doi/10.1103/PhysRev.136.B864}
}

@article{kohn_sham,
  title = {Self-Consistent Equations Including Exchange and Correlation Effects},
  author = {Kohn, W. and Sham, L. J.},
  journal = {Phys. Rev.},
  volume = {140},
  issue = {4A},
  pages = {A1133--A1138},
  numpages = {0},
  year = {1965},
  month = {Nov},
  publisher = {American Physical Society},
  doi = {10.1103/PhysRev.140.A1133},
  url = {https://link.aps.org/doi/10.1103/PhysRev.140.A1133}
}

@article{perdew-wang,
  title = {Accurate and simple analytic representation of the electron-gas correlation energy},
  author = {Perdew, John P. and Wang, Yue},
  journal = {Phys. Rev. B},
  volume = {45},
  issue = {23},
  pages = {13244--13249},
  numpages = {0},
  year = {1992},
  month = {Jun},
  publisher = {American Physical Society},
  doi = {10.1103/PhysRevB.45.13244},
  url = {https://link.aps.org/doi/10.1103/PhysRevB.45.13244}
}

@article{dogan,
  title        = {Solving the electronic structure problem for over 100,000 atoms in real-space},
  author       = {Mehmet Dogan and Kai-Hsin Liou and James R. Chelikowsky},
  journal      = {arXiv preprint},
  volume       = {arXiv:2303.00790},
  year         = {2023},
  doi          = {10.48550/arXiv.2303.00790},
  note         = {Also published as Phys. Rev. Materials 7, L063001 (2023)},
}

@article{beamer,
    author = {Beamer, William H. and Maxwell, Charles R.},
    title = {The Crystal Structure of Polonium},
    journal = {The Journal of Chemical Physics},
    volume = {14},
    number = {9},
    pages = {569-569},
    year = {1946},
    month = {09},
    issn = {0021-9606},
    doi = {10.1063/1.1724201},
    url = {https://doi.org/10.1063/1.1724201},
    eprint = {https://pubs.aip.org/aip/jcp/article-pdf/14/9/569/18794202/569_1_online.pdf},
}
